<record><leader>00000cas a2200000 a 4500</leader><controlfield tag="001">10562737</controlfield><controlfield tag="008">840326d18711892nbudn ne      0    0eng d</controlfield><datafield ind1=" " ind2=" " tag="010"><subfield code="a">sn 84022743 </subfield></datafield><datafield ind1=" " ind2=" " tag="040"><subfield code="a">NPX</subfield><subfield code="b">eng</subfield><subfield code="c">NPX</subfield><subfield code="d">NPU</subfield><subfield code="d">NPT</subfield><subfield code="d">DLC</subfield><subfield code="d">NYG</subfield><subfield code="d">MGN</subfield><subfield code="d">NVG</subfield><subfield code="d">OCL</subfield><subfield code="d">OCLCQ</subfield><subfield code="d">DLC</subfield><subfield code="d">OCLCQ</subfield><subfield code="d">OCLCF</subfield><subfield code="d">OCLCO</subfield></datafield><datafield ind1=" " ind2=" " tag="042"><subfield code="a">msc</subfield></datafield><datafield ind1=" " ind2=" " tag="043"><subfield code="a">n-us-nb</subfield></datafield><datafield ind1="0" ind2="0" tag="245"><subfield code="a">Omaha daily bee.</subfield></datafield><datafield ind1="1" ind2="3" tag="246"><subfield code="a">Omaha bee</subfield><subfield code="f">May 18-June 6, 1878; Mar. 6, 1880-June 15, 1883</subfield></datafield><datafield ind1="1" ind2="3" tag="246"><subfield code="a">Daily bee</subfield><subfield code="f">June 7, 1878-Mar. 15, 1880</subfield></datafield><datafield ind1=" " ind2=" " tag="260"><subfield code="a">Omaha, Neb. :</subfield><subfield code="b">E. Rosewater,</subfield><subfield code="c">1871-1883.</subfield></datafield><datafield ind1=" " ind2=" " tag="300"><subfield code="a">v. ;</subfield><subfield code="c">59 cm.</subfield></datafield><datafield ind1=" " ind2=" " tag="310"><subfield code="a">Daily (except Sun.)</subfield></datafield><datafield ind1="1" ind2=" " tag="362"><subfield code="a">Began June 19, 1871.</subfield></datafield><datafield ind1="0" ind2=" " tag="362"><subfield code="a">-22nd year, no. 173 (Dec. 10, 1892).</subfield></datafield><datafield ind1=" " ind2=" " tag="500"><subfield code="a">Title fluctuates among the following titles from 1878-1883: Omaha bee; Daily bee.</subfield></datafield><datafield ind1=" " ind2=" " tag="500"><subfield code="a">Published on Saturday's as: Omaha daily bee, June 4, 1871-June 9, 1883.</subfield></datafield><datafield ind1=" " ind2=" " tag="580"><subfield code="a">Weekly ed.: Weekly bee (Omaha, Neb.).</subfield></datafield><datafield ind1=" " ind2=" " tag="580"><subfield code="a">Morning ed.: Omaha daily bee (Omaha, Neb. : Morning ed.), &lt;1872&gt;-1892.</subfield></datafield><datafield ind1=" " ind2=" " tag="580"><subfield code="a">Sunday ed.: Omaha Sunday bee, 1886-1892.</subfield></datafield><datafield ind1=" " ind2=" " tag="588"><subfield code="a">Description based on: Vol. 1, no. 277 (May 7, 1872).</subfield></datafield><datafield ind1=" " ind2="0" tag="651"><subfield code="a">Omaha (Neb.)</subfield><subfield code="v">Newspapers.</subfield></datafield><datafield ind1=" " ind2="7" tag="655"><subfield code="a">Newspapers.</subfield><subfield code="2">fast</subfield><subfield code="0">(OCoLC)fst01423814</subfield></datafield><datafield ind1=" " ind2="7" tag="651"><subfield code="a">Nebraska</subfield><subfield code="z">Omaha.</subfield><subfield code="2">fast</subfield><subfield code="0">(OCoLC)fst01204995</subfield></datafield><datafield ind1=" " ind2=" " tag="752"><subfield code="a">United States</subfield><subfield code="b">Nebraska</subfield><subfield code="c">Douglas</subfield><subfield code="d">Omaha.</subfield></datafield><datafield ind1="1" ind2=" " tag="775"><subfield code="t">Weekly bee (Omaha, Neb.)</subfield><subfield code="w">(DLC)sn 84022744</subfield></datafield><datafield ind1="1" ind2=" " tag="775"><subfield code="t">Omaha daily bee (Omaha, Neb. : Morning ed.)</subfield><subfield code="x">2169-7264</subfield><subfield code="w">(DLC)sn 99021999</subfield><subfield code="w">(OCoLC)42958170</subfield></datafield><datafield ind1="1" ind2=" " tag="775"><subfield code="t">Omaha Sunday bee</subfield><subfield code="w">(DLC)sn 95073407</subfield></datafield><datafield ind1="1" ind2=" " tag="776"><subfield code="c">Microfilm</subfield><subfield code="d">Nebraska State Historical Society</subfield><subfield code="w">(DLC)sn 95073282</subfield></datafield><datafield ind1="0" ind2="0" tag="785"><subfield code="t">Omaha evening bee</subfield><subfield code="w">(DLC)sn 84024327</subfield></datafield></record>